@inbook{Microsoft2010,
	author = {Joyce COX and Joan LAMBERT},
	title  =  {Microsoft Office Professional 2010: Step by Step},
	publisher = {Microsoft Press},
	address = {Redmond, Washington 98052-6399},
	ISBN = {978-0-7356-2693-5}
}

@InBook{Kopkac,
	author = {Helmut. KOPKA and Patrick W. DALY},
	title = {Guide to LaTeX},
	chapter = {Introduction},
	publisher = {Addison-Wesley},
	address = {Boston},
	year = {2004},
	edition = {4},
	ISBN = {03-2117-385-6},
}
@InBook{Rybicka,
	author = {Jiří RYBIČKA},
	title = {LaTeX pro začátečníky},
	chapter = {Základní informace},
	publisher = {Konvoj},
	address = {Brno},
	year = {2003},
	edition = {3},
	ISBN = {80-7302-049-1},
}
@Misc{Simecek,
	author = {Martin ŠIMEČEK},
	title = {LaTeX 1.\,--\,Co to je a proč se ho chtít učit?},
	howpublished = {[online]},
	year = {rev. 21. srpen 2013},
	note = {[vid. 2019-04-08]},
	url = {http://programujte.com/clanek/2013080500},
}
@Misc{Svamberg,
	author = {Michal ŠVAMBERG},
	title = {Jak na LaTeX: pronikáme hlouběji},
	howpublished = {[online]},
	year = {rev. 12. červenec 2001},
	note = {[vid. 2019-04-80]},
	url = {https://www.root.cz/clanky/jak-na-latex-pronikame-hloubeji},
}
@MastersThesis{Sokol,
	author = {Miroslav SOKOL},
	title = {Online LaTeX editor},
	school = {Vysoké učení technické v Brně. Fakulta informačních technologií. Ústav počítačové
		grafiky a multimédií},
	year = {2012},
	type = {Diplomová práce},
}
@Article{Olsak,
	author = {Petr OLŠÁK},
	title = {TeX pro pragmatiky},
	journal = {Zpravodaj Československého sdružení uživatelů TeXu},
	volume = {24},
	number = {1\,--\,4},
	pages = {29\,--\,45},
	year = {2014},
	ISSN = {1211-6661},
}
@Article{CazarezCastro,
	author = {Nohe R. CAZAREZ-CASTRO and Luis T. AGUILAR and Oscar CASTILLO},
	title = {Designing Type-1 and Type-2 Fuzzy Logic Controllers via Fuzzy Lyapunov Synthesis for
		nonsmooth mechanical systems},
	journal = {Engineering Applications of Artificial Intelligence},
	volume = {25},
	number = {5},
	pages = {971\,--\,979},
	year = {2012},
	ISSN = {0952-1976},
}